<?xml version="1.0" encoding="UTF-8"?><collection xmlns="http://www.loc.gov/MARC21/slim"><record><leader>00370nam--2200145-i-4500</leader><controlfield tag="001">000013107</controlfield><controlfield tag="002">20161230</controlfield><controlfield tag="005">20170220003207</controlfield><controlfield tag="008">060222s1000------------r-----000-0-eng-d</controlfield><datafield ind1=" " ind2=" " tag="245"><subfield code="a">Power electronics. Problems manual</subfield></datafield><datafield ind1=" " ind2=" " tag="260"><subfield code="a">Budapest</subfield><subfield code="b">Akad©♭miai Kiad©đ</subfield><subfield code="c">1979</subfield></datafield><datafield ind1=" " ind2=" " tag="300"><subfield code="a">474 p</subfield></datafield><datafield ind1=" " ind2=" " tag="700"><subfield code="a">Hermann, I</subfield></datafield><datafield ind1=" " ind2=" " tag="852"><subfield code="a">621.38.04(076.1)</subfield></datafield><datafield ind1=" " ind2=" " tag="CAT"><subfield code="a">SYS</subfield><subfield code="c">20170220</subfield><subfield code="h">003207</subfield></datafield></record></collection>